<record><leader>00000cas a22000007a 4500</leader><controlfield tag="001">9458618</controlfield><controlfield tag="008">830428d18431856mauwr ne      0    0eng d</controlfield><datafield ind1=" " ind2=" " tag="010"><subfield code="a">sn 83020617 </subfield></datafield><datafield ind1=" " ind2=" " tag="040"><subfield code="a">NPX</subfield><subfield code="b">eng</subfield><subfield code="c">NPX</subfield><subfield code="d">NPH</subfield><subfield code="d">DLC</subfield><subfield code="d">MGN</subfield><subfield code="d">OCLCG</subfield><subfield code="d">OCLCQ</subfield></datafield><datafield ind1=" " ind2=" " tag="042"><subfield code="a">msc</subfield></datafield><datafield ind1=" " ind2=" " tag="043"><subfield code="a">n-us-ma</subfield></datafield><datafield ind1="0" ind2=" " tag="130"><subfield code="a">Weekly transcript (North Adams, Mass. : 1843)</subfield></datafield><datafield ind1="1" ind2="4" tag="245"><subfield code="a">The Weekly transcript.</subfield></datafield><datafield ind1=" " ind2=" " tag="260"><subfield code="a">North Adams, Mass. :</subfield><subfield code="b">Chickering &amp; Briggs</subfield></datafield><datafield ind1=" " ind2=" " tag="300"><subfield code="a">v. ;</subfield><subfield code="c">60 cm.</subfield></datafield><datafield ind1=" " ind2=" " tag="310"><subfield code="a">Weekly</subfield></datafield><datafield ind1="1" ind2=" " tag="362"><subfield code="a">Began Sept. 7, 1843.</subfield></datafield><datafield ind1="0" ind2=" " tag="362"><subfield code="a">-v. 13, no. 20 (Jan. 10, 1856).</subfield></datafield><datafield ind1=" " ind2=" " tag="500"><subfield code="a">Editors: H.L. Dawes; H. Chickering, &lt;1852-1853&gt;.</subfield></datafield><datafield ind1=" " ind2=" " tag="588"><subfield code="a">Description based on: Vol. 1, no. 34 (Apr. 25, 1844).</subfield></datafield><datafield ind1="1" ind2=" " tag="700"><subfield code="a">Dawes, Henry L.</subfield><subfield code="q">(Henry Laurens),</subfield><subfield code="d">1816-1903.</subfield></datafield><datafield ind1="1" ind2=" " tag="700"><subfield code="a">Chickering, Henry.</subfield></datafield><datafield ind1=" " ind2=" " tag="752"><subfield code="a">United States</subfield><subfield code="b">Massachusetts</subfield><subfield code="c">Berkshire</subfield><subfield code="d">North Adams.</subfield></datafield><datafield ind1="0" ind2="7" tag="785"><subfield code="a">Free American</subfield></datafield><datafield ind1="0" ind2="7" tag="785"><subfield code="a">Weekly transcript and Berkshire county intelligencer</subfield><subfield code="w">(DLC)sn 89063336</subfield></datafield><datafield ind1="1" ind2=" " tag="029"><subfield code="a">AU@</subfield><subfield code="b">000025793985</subfield></datafield></record>